@comment{x-kbibtex-personnameformatting=<%l><, %f>}

@book{plate,
	author = "Plate, E. J.",
	crossref = "TID-25465",
	pages = "52-58",
	publisher = "U.S. National
 Technical
Information
Service",
	title = "{Aerodynamic Characteristics
 of Atmospheric
Boundary Layers}",
	year = "1971"
}

@article{malkus1,
	author = "Malkus, W. V. R.",
	crossref = "PB 186314",
	journal = "U.S. National
 Technical
Information
Service",
	pages = "1-12",
	title = "{Boussinesq equations,
Notes on the
1964 Summer Study Program
 in Geophysical Fluid
Dynamics at the Woods Nole Oceanographic
 Institution}",
	volume = "1",
	year = "1964"
}

@article{malkus2,
	author = "Malkus, W. V. R.",
	crossref = "PB 189618",
	journal = "U.S. National
 Technical
Information
Service",
	pages = "23-28",
	title = "{A scaling and expansion of equations
of motion to yield the Boussinesq equations, Notes on
the 1969 Summer Study Program in Geophysical
 Fluid
Dynamics at the Woods Hole Oceanographic
 Institution}",
	volume = "1",
	year = "1969"
}

@article{boussinesq_and_his_approximation,
	author = "Zeytounian, Radyadour Kh.",
	crossref = "http://dx.doi.org/10.1016/S1631-0721(03)00120-7.",
	issn = "1631-0721",
	journal = "Comptes Rendus M{\'e}canique",
	number = "8",
	pages = "575-586",
	title = "{Joseph Boussinesq and his approximation: a contemporary view}",
	volume = "331",
	year = "2003"
}

@book{chorin,
	address = "New York, U.S.",
	author = "A.J., Chorin and J.E., Marsden",
	publisher = "Springer-Verlag",
	title = "{A Mathematical Introduction to Fluid Mechanics}",
	year = "1993"
}

@book{barenblatt1,
	address = "Cambridge, UK",
	author = "G.I., Barenblatt",
	publisher = "Cambridge University Press",
	title = "{Scaling}",
	year = "2003"
}

@book{barenblatt2,
	address = "Cambridge, UK",
	author = "G.I., Barenblatt",
	publisher = "Cambridge University Press",
	title = "{Scaling, self-similarity, and intermediate asymptotics}",
	year = "1996"
}

@book{litvinov,
	address = "Moscow, Russian Federation",
	author = "B.V., Litvinov",
	language = "Russian",
	publisher = "Mashinostroenie",
	title = "{Fundamentals of Engineering}",
	year = "2005"
}

@book{turcotte,
	address = "Cambridge, UK",
	author = "D.L., Turcotte and G., Schubert",
	edition = "Second",
	publisher = "Cambridge University Press",
	title = "{Geodynamics}",
	year = "2002"
}

@book{zeldovich,
	address = "Moscow, Russian Federation",
	author = "Ya.B, Zeldovich",
	language = "Russian",
	publisher = "URSS Publishing House",
	title = "{Theory of Shock Waves and Introduction to Gasdynamics}",
	year = "2014"
}

@misc{low_reynolds_flow_data,
	howpublished = "\url{http://www.hitech-projects.com/euprojects/artic/index/Low\%20Reynolds\%20number\%20flows.pdf}",
	title = "{Low Reynolds Number Flows}"
}

@misc{tikhomirov,
	address = "Dubna, Russian Federation",
	author = "V.M, Tikhomirov",
	howpublished = "\url{http://www.mathnet.ru/php/presentation.phtml?option\_lang=rus\&presentid=7308}",
	publisher = "Summer School 'Modern Mathematics'",
	title = "{Entropy in Natural Sciences, Theory of Information, and Mathematics}"
}

@book{gratz,
	author = "Yu.V., Gratz",
	language = Russian,
	location = "Moscow, Russian Federation",
	publisher = "URSS Publishing House",
	title = "{Lectures on Fluid Dynamics}",
	year = "2015"
}

@book{convective_stability,
	author = "Gershuni, G.Z. and Zhukhovitsky, E.M.",
	language = Russian,
	location = "Moscow, Russian Federation",
	publisher = "Nauka",
	title = "{Convective Stability of Incompressible Fluids}",
	year = "1972"
}

@book{klimontovich,
	author = "Klimontovich, Yu. L.",
	location = "Moscow, Russian Federation",
	publisher = "URSS Publishing House",
	title = "{Statistical Physics}",
	year = "2014"
}

@misc{dijkstra,
	author = "Dijkstra, H.A.",
	howpublished = "\url{https://www.eng.tau.ac.il/\~gelfgat/documents/testprob.pdf}",
	publisher = "Institute for Marine and Atmospheric Research Utrecht -- Utrecht University",
	title = "{Test Problem: Rayleigh-Benard convection}"
}

@book{getling,
	author = "Getling, A.V.",
	location = "London, UK",
	publisher = "World Scientific",
	title = "{Rayleigh-Benard Convection: Structures and Dynamics}",
	year = "1998"
}

@book{landau,
	author = "L.D., Landau and E.M., Lifshitz",
	publisher = "Butterworth-Heinemann",
	title = "{The Classical Theory of Fields}",
	year = "1980"
}

@book{cherkashin_Navier_Stokes,
	author = "Cherkashin, I.A. and Puckett, E.G.",
	location = "Davis, California",
	publisher = "University of California, Davis",
	title = "{Nondimensionalization of Navier Stokes Equations}",
	year = "2015"
}

@book{shubin,
	author = "Shubin, M.A.",
	location = "Moscow, Russian Federation",
	publisher = "MCCME",
	title = "{Lectures on Equations of Mathematical Physics}",
	year = "2003"
}

@book{cherkashin_heat_eq,
	author = "Cherkashin, I.A. and Puckett, E.G.",
	location = "Davis, California",
	publisher = "University of California, Davis",
	title = "{Nondimensionalization of Heat Equation}",
	year = "2015"
}

@book{cherkashin_boussinesq,
	author = "Cherkashin, I.A. and Puckett, E.G.",
	location = "Davis, California",
	publisher = "University of California, Davis",
	title = "{Boussinesq Approximation and Its Nondimensionalization}",
	year = "2015"
}

@book{leal,
	author = "Leal, L. Gary",
	publisher = "Cambridge University Press",
	title = "{Advanced Transport Phenomena}",
	year = "2007"
}

@book{zorich,
	address = "Moscow, Russian Federation",
	author = "Zorich, V.A.",
	publisher = "MCCME",
	title = "{Mathematical Analysis of Problems in the Natural Sciences}",
	year = "2008"
}

@book{sonin,
	author = "Sonin, A.A.",
	location = "Cambridge, U.S.",
	publisher = "MIT Department of Mechanical Engineering",
	title = "{The Physical Basis of Dimensional Analysis}",
	year = "2001"
}

@misc{olsen,
	author = "Hanche-Olsen, H.",
	howpublished = "\url{http://www.math.ntnu.no/~hanche/notes/buckingham/buckingham-a4.pdf}",
	title = "{Buckingham's Pi-theorem}"
}

@book{bluman_kumei,
	author = "Bluman, G.W. and Kumei, S.",
	publisher = "Springer-Verlag",
	title = "{Symmetries and Differential Equations}",
	year = "1989"
}

@book{cherkashin_stokes,
	author = "Cherkashin, I.A. and Puckett, E.G.",
	location = "Davis, California",
	publisher = "University of California, Davis",
	title = "{From Navier-Stokes to Stokes Equations}",
	year = "2015"
}

@book{cherkashin_pi,
	author = "Cherkashin, I.A. and Puckett, E.G.",
	location = "Davis, California",
	publisher = "University of California, Davis",
	title = "{Buckingham's $\Pi$-theorem}",
	year = "2015"
}

@article{boussinesq_validity,
	author = "Gray, Donald D. and Giorgini, Aldo",
	journal = "Int. J. Heat Mass Transfer",
	pages = "545--551",
	publisher = "Pergamon Press",
	title = "{The Validity of the Boussinesq Approximation for Liquids and Gases}",
	volume = "19"
}

@book{sivukhin,
	author = "Sivukhin, D.V.",
	location = "Moscow, Russian Federation",
	publisher = "FIZMATLIT",
	title = "{General Course in Physics: Mechanics}",
	volume = "1",
	year = "2014"
}

@book{barenblatt_fracture,
	author = "G.I., Barenblatt",
	location = "New York, U.S.A.",
	publisher = "Cambridge University Press",
	title = "{Flow, Deformation, and Fracture}",
	year = "2014"
}

@article{aspect,
	author = "Bangerth, Wolfgang and Kronbichler, Martin and Heister, Timo",
	journal = "Geophysical Journal International
",
	pages = "12-29",
	title = "{High accuracy mantle convection simulation through modern
numerical methods
}",
	volume = "191",
	year = "2012"
}

@book{boussinesq_article,
	author = "Boussinesq, J.",
	location = "Paris",
	publisher = "Gauthier-Villars",
	title = "{Theorie Analytique de la Chaleur}",
	volume = "2",
	year = "1903"
}

@article{oberbeck,
	author = "Oberbeck, A.",
	journal = "Ann. Phys. Chem.",
	pages = "271-292",
	title = "{Uber die Warmeleitung der Flussigkeiten
bei Berucksichtigung
 der Stromungen
 infloge von
Temperatur
 Differenzen}",
	volume = "7",
	year = "1879"
}

@book{chandrasekhar,
	author = "Chandrasekhar, S.",
	location = "London, UK",
	pages = "16-18",
	publisher = "Oxford University Press",
	title = "{Hydrodynamic and Hydromagnetic
Stability}",
	year = "1961"
}

@article{spiegel_and_veronis,
	author = "Spiegel, E. A. and Veronis, G.",
	journal = "Astrophys. Journal",
	pages = "442-447",
	title = "{On the Boussinesq
approximation
for a compressible
fluid}",
	volume = "131",
	year = "1960"
}

@book{gebhart,
	author = "Gebhart, B.",
	edition = "2",
	location = "New York",
	pages = "318-325",
	publisher = "McGraw-Hil",
	title = "{Heat Transfer}",
	year = "1971"
}

@article{mihaljan,
	author = "Mihaljan, J. M.",
	journal = "Astrophys. Journal",
	pages = "1126-1133",
	title = "{A rigorous exposition of the Boussinesq
approximatjons
 applicable
 to a thin layer of fluid}",
	volume = "136",
	year = "1962"
}

@article{bernard,
	author = "B{\'e}nard, H.",
	journal = "Rev. G{\'e}n. Sciences Pure Appl.",
	pages = "1261-1271, 1309-1328",
	title = "{Les tourbillons cellulaires dans une nappe liquide }",
	volume = "11",
	year = "1900"
}

@article{getling_scholarpedia,
	author = "Getling, A. V.",
	journal = "Scholarpedia",
	number = "7",
	pages = "7702",
	title = "{Rayleigh-Benard Convection}",
	volume = "7",
	year = "2012"
}

@article{rayleigh,
	author = "Rayleigh, Lord",
	journal = "Phil. Mag., Ser.",
	number = "32",
	pages = "529- 546",
	title = "{On convection currents in a horizontal layer of fluid, when the higher temperature is on the under side}",
	volume = "6",
	year = "1916"
}

@article{pellew_and_southwell,
	author = "Pellew, A. and Southwell, R. V.",
	journal = "Proc. Roy. Soc. A.",
	number = "966",
	pages = "312-343",
	title = "{On maintained convective motion in a fluid heated from below}",
	volume = "176",
	year = "1940"
}

@misc{cig_mantle_convection,
	howpublished = "\url{https://geodynamics.org/cig/software/\#mc}",
	title = "{Computational Infrastructure for Geodynamics (CIG)}"
}

@book{gerya,
	author = "Gerya, Taras",
	pages = "358",
	publisher = "Cambridge University Press",
	title = "{Introduction to Numerical Geodynamic Modelling}",
	year = "2009"
}

@book{mantle_conv_in_earth_and_planets,
	author = "Schubert, Gerald and Turcotte, Donald L. and Olson, Peter",
	pages = "2004",
	publisher = "Cambridge University Press",
	title = "{Mantle Convection in the Earth and Planets
}"
}

@article{miesen,
	author = "Miesen, R. H. M. and Kamp, L. P. J. and Sluijter, F. W.",
	journal = "Physica Scripta",
	number = "6",
	pages = "857",
	title = "{On the application of the Boussinesq approximation for nonlinear gravity waves in the atmosphere

}",
	volume = "38",
	year = " 2006"
}

